
@article{altschul2013anatomy,
	Author = {Altschul, Stephen and Demchak, Barry and Durbin, Richard and Gentleman, Robert and Krzywinski, Martin and Li, Heng and Nekrutenko, Anton and Robinson, James and Rasband, Wayne and Taylor, James and others},
	Date-Added = {2017-09-07 16:17:44 +0000},
	Date-Modified = {2017-09-07 16:17:44 +0000},
	Journal = {Nature biotechnology},
	Number = {10},
	Pages = {894--897},
	Publisher = {Nature Research},
	Title = {The anatomy of successful computational biology software},
	Volume = {31},
	Year = {2013}
	}
	
@article{baumer2015data,
	Author = {Baumer, Ben},
	Date-Added = {2017-10-14 23:35:30 +0000},
	Date-Modified = {2017-10-14 23:35:30 +0000},
	Journal = {The American Statistician},
	Number = {4},
	Pages = {334--342},
	Publisher = {Taylor \& Francis},
	Title = {A data science course for undergraduates: Thinking with data},
	Volume = {69},
	Year = {2015}}

@techreport{baumer2017lessons,
	Author = {Baumer, Benjamin S},
	Date-Added = {2017-09-07 15:56:12 +0000},
	Date-Modified = {2017-09-07 15:56:12 +0000},
	Institution = {PeerJ Preprints},
	Title = {Lessons from between the white lines for isolated data scientists},
	Year = {2017}
	}
	
@book{baumer2017modern,
	Author = {Baumer, Benjamin S and Kaplan, Daniel T and Horton, Nicholas J},
	Date-Added = {2017-10-10 22:33:09 +0000},
	Date-Modified = {2017-10-10 22:33:09 +0000},
	Publisher = {CRC Press},
	Title = {Modern Data Science with R},
	Year = {2017}}
	
@techreport{bryan2017excuse,
	Author = {Bryan, Jennifer},
	Date-Added = {2017-10-10 21:57:51 +0000},
	Date-Modified = {2017-10-10 21:57:51 +0000},
	Institution = {PeerJ Preprints},
	Title = {Excuse me, do you have a moment to talk about version control?},
	Year = {2017}}
	
@techreport{cetinkaya2017infrastructure,
	Author = {Cetinkaya-Rundel, Mine and Rundel, Colin W},
	Date-Added = {2017-10-14 23:39:17 +0000},
	Date-Modified = {2017-10-14 23:39:17 +0000},
	Institution = {PeerJ Preprints},
	Title = {Infrastructure and tools for teaching computing throughout the statistical curriculum},
	Year = {2017}}
	
@book{cotton2017testing,
	Author = {Cotton, Richard},
	Date-Added = {2017-09-14 02:27:29 +0000},
	Date-Modified = {2017-09-14 02:27:29 +0000},
	Publisher = {CRC Press},
	Title = {Testing R Code},
	Year = {2017}}
	
@techreport{ellis2017share,
	Author = {Ellis, Shannon E and Leek, Jeffrey T},
	Date-Added = {2017-09-07 16:33:08 +0000},
	Date-Modified = {2017-09-07 16:33:08 +0000},
	Institution = {PeerJ Preprints},
	Title = {How to share data for collaboration},
	Year = {2017}}
	
@article{goecks2010galaxy,
	Author = {Goecks, Jeremy and Nekrutenko, Anton and Taylor, James},
	Date-Added = {2017-10-10 21:05:42 +0000},
	Date-Modified = {2017-10-10 21:05:42 +0000},
	Journal = {Genome biology},
	Number = {8},
	Pages = {R86},
	Publisher = {BioMed Central},
	Title = {Galaxy: a comprehensive approach for supporting accessible, reproducible, and transparent computational research in the life sciences},
	Volume = {11},
	Year = {2010}}
	
@article{hicks2017guide,
	Author = {Hicks, Stephanie C and Irizarry, Rafael A},
	Date-Added = {2017-10-10 22:40:17 +0000},
	Date-Modified = {2017-10-10 22:40:17 +0000},
	Journal = {The American Statistician},
	Number = {just-accepted},
	Pages = {00--00},
	Publisher = {Taylor \& Francis},
	Title = {A Guide to Teaching Data Science},
	Year = {2017}}
	
@article{hsieh2016inext,
	Author = {Hsieh, TC and Ma, KH and Chao, Anne},
	Date-Added = {2017-09-14 03:00:09 +0000},
	Date-Modified = {2017-09-14 03:00:09 +0000},
	Journal = {Methods in Ecology and Evolution},
	Number = {12},
	Pages = {1451--1456},
	Publisher = {Wiley Online Library},
	Title = {iNEXT: an R package for rarefaction and extrapolation of species diversity (Hill numbers)},
	Volume = {7},
	Year = {2016}}
	
@article{huber2015orchestrating,
	Author = {Huber, Wolfgang and Carey, Vincent J and Gentleman, Robert and Anders, Simon and Carlson, Marc and Carvalho, Benilton S and Bravo, Hector Corrada and Davis, Sean and Gatto, Laurent and Girke, Thomas and others},
	Date-Added = {2017-10-10 20:55:14 +0000},
	Date-Modified = {2017-10-10 20:55:14 +0000},
	Journal = {Nature methods},
	Number = {2},
	Pages = {115--121},
	Publisher = {Nature Research},
	Title = {Orchestrating high-throughput genomic analysis with Bioconductor},
	Volume = {12},
	Year = {2015}}
	
@article{kaplan2017teaching,
	Author = {Kaplan, Daniel T},
	Date-Added = {2017-10-14 23:36:01 +0000},
	Date-Modified = {2017-10-14 23:36:01 +0000},
	Journal = {PeerJ Preprints},
	Pages = {e3205v1},
	Publisher = {PeerJ Inc. San Francisco, USA},
	Title = {Teaching stats for data science},
	Volume = {5},
	Year = {2017}}
	
@book{lifesciencesR,
	Author = {Irizarry, Rafael A. and Love, Michael I.},
	Date-Added = {2017-10-10 22:35:36 +0000},
	Date-Modified = {2017-10-10 22:36:24 +0000},
	Publisher = {Chapman and Hall / CRC},
	Title = {Data Analysis for the Life Sciences with R},
	Year = {2016}}
	
@article{list2017ten,
	Author = {List, Markus and Ebert, Peter and Albrecht, Felipe},
	Date-Added = {2017-09-07 16:07:43 +0000},
	Date-Modified = {2017-09-07 16:07:43 +0000},
	Journal = {PLoS computational biology},
	Number = {1},
	Pages = {e1005265},
	Publisher = {Public Library of Science},
	Title = {Ten simple rules for developing usable software in computational biology},
	Volume = {13},
	Year = {2017}
	}
	
@article{lowndes2017our,
	Author = {Lowndes, Julia S Stewart and Best, Benjamin D and Scarborough, Courtney and Afflerbach, Jamie C and Frazier, Melanie R and O'Hara, Casey C and Jiang, Ning and Halpern, Benjamin S},
	Date-Added = {2017-10-14 23:32:45 +0000},
	Date-Modified = {2017-10-14 23:32:45 +0000},
	Journal = {Nature ecology \& evolution},
	Number = {6},
	Pages = {160},
	Title = {Our path to better science in less time using open data science tools.},
	Volume = {1},
	Year = {2017}}
	
@article{marwick2017packaging,
	Author = {Marwick, Ben and Boettiger, Carl and Mullen, Lincoln},
	Date-Added = {2017-10-10 22:25:58 +0000},
	Date-Modified = {2017-10-10 22:25:58 +0000},
	Journal = {The American Statistician},
	Number = {just-accepted},
	Publisher = {Taylor \& Francis},
	Title = {Packaging data analytical work reproducibly using R (and friends)},
	Year = {2017}}	

@article{mcmurdie2013phyloseq,
	Author = {McMurdie, Paul J and Holmes, Susan},
	Date-Added = {2017-09-14 02:32:25 +0000},
	Date-Modified = {2017-09-14 02:32:25 +0000},
	Journal = {PloS one},
	Number = {4},
	Pages = {e61217},
	Publisher = {Public Library of Science},
	Title = {phyloseq: an R package for reproducible interactive analysis and graphics of microbiome census data},
	Volume = {8},
	Year = {2013}}
	
@article{mcnamara2016state,
	Author = {McNamara, Amelia},
	Date-Added = {2017-10-14 23:38:06 +0000},
	Date-Modified = {2017-10-14 23:38:06 +0000},
	Journal = {arXiv preprint arXiv:1610.00984},
	Title = {On the State of Computing in Statistics Education: Tools for Learning and for Doing},
	Year = {2016}}
	
@article{parker2017opinionated,
	Author = {Parker, Hilary},
	Date-Added = {2017-10-14 01:13:24 +0000},
	Date-Modified = {2017-10-14 01:13:24 +0000},
	Journal = {PeerJ Preprints},
	Pages = {e3210v1},
	Publisher = {PeerJ Inc. San Francisco, USA},
	Title = {Opinionated analysis development},
	Volume = {5},
	Year = {2017}}
	
@article{pathak2014rhadoop,
	Author = {Pathak, Akshay Mittal Sharvanath and Bannard, Trevor},
	Date-Added = {2017-10-10 21:03:27 +0000},
	Date-Modified = {2017-10-10 21:03:27 +0000},
	Journal = {R package},
	Title = {Rhadoop: an improved execution environment for restricted map reduce programs},
	Year = {2014}}
	
@article{pawlik2017developing,
	Author = {Pawlik, Aleksandra and van Gelder, Celia WG and Nenadic, Aleksandra and Palagi, Patricia M and Korpelainen, Eija and Lijnzaad, Philip and Marek, Diana and Sansone, Susanna-Assunta and Hancock, John and Goble, Carole},
	Date-Added = {2017-10-10 22:25:14 +0000},
	Date-Modified = {2017-10-10 22:25:14 +0000},
	Journal = {F1000Research},
	Publisher = {Faculty of 1000 Ltd},
	Title = {Developing a strategy for computational lab skills training through Software and Data Carpentry: Experiences from the ELIXIR Pilot action},
	Volume = {6},
	Year = {2017}}
	
@article{piccolo2016tools,
	Author = {Piccolo, Stephen R and Frampton, Michael B},
	Date-Added = {2017-10-10 20:56:54 +0000},
	Date-Modified = {2017-10-10 20:56:54 +0000},
	Journal = {GigaScience},
	Number = {1},
	Pages = {30},
	Publisher = {BioMed Central},
	Title = {Tools and techniques for computational reproducibility},
	Volume = {5},
	Year = {2016}}
	
@article{preeyanon2014reproducible,
	Author = {Preeyanon, Likit and Pyrkosz, Alexis Black and Brown, C Titus},
	Date-Added = {2017-10-10 20:56:13 +0000},
	Date-Modified = {2017-10-10 20:56:13 +0000},
	Journal = {Implementing Reproducible Research},
	Pages = {185},
	Publisher = {CRC Press},
	Title = {Reproducible bioinformatics research for biologists},
	Year = {2014}}
	
@article{ram2013git,
	Author = {Ram, Karthik},
	Date-Added = {2017-10-10 21:23:03 +0000},
	Date-Modified = {2017-10-10 21:23:03 +0000},
	Journal = {Source code for biology and medicine},
	Number = {1},
	Pages = {7},
	Publisher = {BioMed Central},
	Title = {Git can facilitate greater reproducibility and increased transparency in science},
	Volume = {8},
	Year = {2013}}
	
@article{reviewer2017review,
	Author = {Reviewer-Miller, Allan M},
	Date-Added = {2017-10-14 23:37:30 +0000},
	Date-Modified = {2017-10-14 23:37:30 +0000},
	Journal = {ACM SIGACT News},
	Number = {3},
	Pages = {14--19},
	Publisher = {ACM},
	Title = {Review of R for Data Science: Import, Tidy, Transform, Visualize, and Model Data by Hadley Wickham and Garrett Grolemund},
	Volume = {48},
	Year = {2017}}
	
@article{RJ-2017-035,
	Author = {Taylor Arnold},
	Date-Added = {2017-09-14 02:49:28 +0000},
	Date-Modified = {2017-09-14 02:49:28 +0000},
	Journal = {{The R Journal}},
	Title = {{A Tidy Data Model for Natural Language Processing using cleanNLP}},
	Url = {https://journal.r-project.org/archive/2017/RJ-2017-035/index.html},
	Year = {2017}}
	
@article{RJ-2017-023,
	Author = {Sam Tyner and Fran{\c c}ois Briatte and Heike Hofmann},
	Date-Added = {2017-09-14 02:53:45 +0000},
	Date-Modified = {2017-09-14 02:53:45 +0000},
	Journal = {{The R Journal}},
	Number = {1},
	Pages = {27--59},
	Title = {{Network Visualization with ggplot2}},
	Url = {https://journal.r-project.org/archive/2017/RJ-2017-023/index.html},
	Volume = {9},
	Year = {2017}}
	
@article{ross2017declutter,
	Author = {Ross, Zev and Wickham, Hadley and Robinson, David},
	Date-Added = {2017-09-05 16:39:38 +0000},
	Date-Modified = {2017-09-05 16:39:38 +0000},
	Journal = {PeerJ Preprints},
	Pages = {e3180v1},
	Publisher = {PeerJ Inc. San Francisco, USA},
	Title = {Declutter your R workflow with tidy tools},
	Volume = {5},
	Year = {2017}}
	
@webpage{rstudioprojecttemplate,
	Date-Added = {2017-08-22 18:08:25 +0000},
	Date-Modified = {2017-08-22 18:15:18 +0000},
	Lastchecked = {August 22, 2017},
	Url = {https://rstudio.github.io/rstudio-extensions/rstudio_project_templates.html},
	Bdsk-Url-1 = {https://rstudio.github.io/rstudio-extensions/rstudio_project_templates.html}}
	
@misc{silge2016tidytext,
	Author = {Silge, Julia and Robinson, David},
	Date-Added = {2017-10-10 21:27:08 +0000},
	Date-Modified = {2017-10-10 21:27:08 +0000},
	Publisher = {JOSS},
	Title = {tidytext: Text mining and analysis using tidy data principles in R},
	Year = {2016}}
	
@book{silge2017text,
	Author = {Silge, Julia and Robinson, David},
	Date-Added = {2017-09-14 02:35:17 +0000},
	Date-Modified = {2017-09-14 02:35:17 +0000},
	Publisher = {" O'Reilly Media, Inc."},
	Title = {Text Mining with R: A Tidy Approach},
	Year = {2017}}

@manual{sparklyr,
	Author = {Javier Luraschi and Kevin Ushey and JJ Allaire and {The Apache Software Foundation}},
	Date-Added = {2017-10-10 21:04:37 +0000},
	Date-Modified = {2017-10-10 21:04:43 +0000},
	Note = {R package version 0.6.3},
	Title = {sparklyr: R Interface to Apache Spark},
	Url = {https://CRAN.R-project.org/package=sparklyr},
	Year = {2017},
	Bdsk-Url-1 = {https://CRAN.R-project.org/package=sparklyr}}
	
@article{stander2017enthusing,
	Author = {Stander, Julian and Dalla Valle, Luciana},
	Date-Added = {2017-10-14 23:36:43 +0000},
	Date-Modified = {2017-10-14 23:36:43 +0000},
	Journal = {Journal of Statistics Education},
	Number = {2},
	Pages = {60--67},
	Publisher = {Taylor \& Francis},
	Title = {On Enthusing Students About Big Data and Social Media Visualization and Analysis Using R, RStudio, and RMarkdown},
	Volume = {25},
	Year = {2017}}
	
@article{walker2016models,
	Author = {Walker, Mark A and Madduri, Ravi and Rodriguez, Alex and Greenstein, Joseph L and Winslow, Raimond L},
	Date-Added = {2017-10-10 21:07:37 +0000},
	Date-Modified = {2017-10-10 21:07:37 +0000},
	Journal = {Biophysical journal},
	Number = {5},
	Pages = {1038--1043},
	Publisher = {Elsevier},
	Title = {Models and Simulations as a Service: Exploring the Use of Galaxy for Delivering Computational Models},
	Volume = {110},
	Year = {2016}}
	
@article{wickham2011testthat,
	Author = {Wickham, Hadley},
	Date-Added = {2017-09-14 02:28:23 +0000},
	Date-Modified = {2017-09-14 02:28:23 +0000},
	Journal = {The R Journal},
	Number = {1},
	Pages = {5--10},
	Title = {testthat: Get started with testing},
	Volume = {3},
	Year = {2011}}
	
@book{wickham2015r,
	Author = {Wickham, Hadley},
	Date-Added = {2017-09-14 02:36:53 +0000},
	Date-Modified = {2017-09-14 02:36:53 +0000},
	Publisher = {" O'Reilly Media, Inc."},
	Title = {R packages: organize, test, document, and share your code},
	Year = {2015}}
	
@book{wickham2016ggplot2,
	Author = {Wickham, Hadley},
	Date-Added = {2017-08-21 21:45:35 +0000},
	Date-Modified = {2017-08-21 21:57:43 +0000},
	Edition = {2nd},
	Publisher = {Springer},
	Title = {ggplot2: Elegant Graphics for Data Analysis},
	Year = {2016}}
	
@book{wickham2016r,
	Author = {Wickham, Hadley and Grolemund, Garrett},
	Date-Added = {2017-10-10 21:54:44 +0000},
	Date-Modified = {2017-10-10 21:54:44 +0000},
	Publisher = {" O'Reilly Media, Inc."},
	Title = {R for Data Science: Import, Tidy, Transform, Visualize, and Model Data},
	Year = {2016}}
	
@article{wilson2014software,
	Author = {Wilson, Greg},
	Date-Added = {2017-10-10 22:23:34 +0000},
	Date-Modified = {2017-10-10 22:23:34 +0000},
	Journal = {F1000Research},
	Publisher = {Faculty of 1000 Ltd},
	Title = {Software Carpentry: lessons learned},
	Volume = {3},
	Year = {2014}}
	
@book{xie2015dynamic,
	Author = {Xie, Yihui},
	Date-Added = {2017-09-14 02:38:59 +0000},
	Date-Modified = {2017-09-14 02:38:59 +0000},
	Publisher = {CRC Press},
	Title = {Dynamic Documents with R and knitr},
	Volume = {29},
	Year = {2015}}
	
@book{xie2016bookdown,
	Author = {Xie, Yihui},
	Date-Added = {2017-09-14 02:39:47 +0000},
	Date-Modified = {2017-09-14 02:39:47 +0000},
	Publisher = {CRC Press},
	Title = {Bookdown: Authoring Books and Technical Documents with R Markdown},
	Year = {2016}}
	
@article{yin2012ggbio,
	Author = {Yin, Tengfei and Cook, Dianne and Lawrence, Michael},
	Date-Added = {2017-08-29 01:58:08 +0000},
	Date-Modified = {2017-08-29 02:30:43 +0000},
	Journal = {Genome Biology},
	Number = {8},
	Pages = {R77},
	Title = {ggbio: an R package for extending the grammar of graphics for genomic data},
	Volume = {13},
	Year = {2012}}